@misc{CVE,
  title = {CVE},
  howpublished = {\url{https://cve.mitre.org/}}
}
@misc{CVE_Stats,
  title = {Estastísticas de vulnerabilidades},
  howpublished = {\url{https://cve.mitre.org/}}
}
@misc{XSS,
	title={XSS},
	howpublished = {\url{https://www.owasp.org/index.php/Cross-site_Scripting_(XSS)/}}	
}
@misc{XSS_Mitigation,
  title = {Mitigação de XSS},
  howpublished = {\url{https://cheatsheetseries.owasp.org/cheatsheets/Cross_Site_Scripting_Prevention_Cheat_Sheet.html/}}
}
@book{jajodia2005information,
  title={Information Systems Security: First International conference, ICISS 2005, Kolkata, India, December 19-21, 2005, Proceedings},
  author={Jajodia, S. and Mazumdar, C.},
  isbn={9783540324225},
  lccn={2005936358},
  series={Lecture Notes in Computer Science},
  url={https://books.google.com.br/books?id=biwGCAAAQBAJ},
  year={2005},
  publisher={Springer Berlin Heidelberg}
}
@misc{antidote,
  title = {Mitigação de ARP Spoofing},
  howpublished = {\url{http://antidote.sourceforge.net/}}
}
